@inproceedings{blinn1977models,
  title={Models of light reflection for computer synthesized pictures},
  author={Blinn, James F},
  booktitle={ACM SIGGRAPH computer graphics},
  volume={11},
  number={2},
  pages={192--198},
  year={1977},
  organization={ACM}
}

@misc{opengl,
	author = {{Khronos Group}},
	title = {OpenGL},
	year = {2019},
	note = {\hspace*{\fill}\linebreak[4]\url{https://www.opengl.org/} Accessed 19-May-2019}
}

@misc{entt,
    author = {Michele Caini},
    title = {EnTT},
    year = {2019},
	note = {\hspace*{\fill}\linebreak[4]\url{https://skypjack.github.io/entt/index.html} Accessed 21-May-2019}
}

@misc{gungeon,
    author = {Dodge Roll Games},
    title = {Enter the Gungeon},
    year = {2019},
	note = {\hspace*{\fill}\linebreak[4]\url{http://dodgeroll.com/gungeon/} Accessed 21-May-2019}
}

@misc{tmachine,
	author = {Adam Martin},
    title = {Data Structures for Entity Systems: Contiguous memory},
    year = {2014},
	note = {\hspace*{\fill}\linebreak[4]\url{http://t-machine.org/index.php/2014/03/08/data-structures-for-entity-systems-contiguous-memory/} Accessed 21-May-2019}
 }
 
 @misc{fowler,
 	author = {Martin Fowler},
 	title = {CallSuper},
 	year = {2005},
 	note = {\hspace*{\fill}\linebreak[4]\url{https://www.martinfowler.com/bliki/CallSuper.html/} Accessed 21-May-2019}
 }